@article{gallardo2005departamento,
  title={Departamento de Matem{\'a}ticas Universidad Aut{\'o}noma de Madrid pablo. fernandez@ uam. es 28th July 2005},
	  author={Gallardo, Pablo Fern{\'a}ndez},
		  year={2005}
			}
