@inproceedings{snow2008cheap,
    title={Cheap and fast---but is it good?: evaluating non-expert annotations for natural language tasks},
    author={Snow, Rion and O'Connor, Brendan and Jurafsky, Daniel and Ng, Andrew Y},
    booktitle={Proceedings of the conference on empirical methods in natural language processing},
    pages={254--263},
    year={2008},
    organization={Association for Computational Linguistics}
}
