@article{martin2008imitation,
    title={Imitation is the sincerest form of flattery: Warren Buffett and Berkshire Hathaway},
    author={Martin, Gerald S and Puthenpurackal, John},
    year={2008}
}
