@article{cadena2016past,
    title={Past, present, and future of simultaneous localization and mapping: Toward the robust-perception age},
    author={Cadena, Cesar and Carlone, Luca and Carrillo, Henry and Latif, Yasir and Scaramuzza, Davide and Neira, Jos{\'e} and Reid, Ian and Leonard, John J},
    journal={IEEE Transactions on Robotics},
    volume={32},
    number={6},
    pages={1309--1332},
    year={2016},
    publisher={IEEE}
}

@article{moravec1988sensor,
    title={Sensor fusion in certainty grids for mobile robots},
    author={Moravec, Hans P},
    journal={AI magazine},
    volume={9},
    number={2},
    pages={61},
    year={1988}
}

@article{elfes1989using,
    title={Using occupancy grids for mobile robot perception and navigation},
    author={Elfes, Alberto},
    journal={Computer},
    volume={22},
    number={6},
    pages={46--57},
    year={1989},
    publisher={IEEE}
}

@article{smith1986representation,
    title={On the representation and estimation of spatial uncertainty},
    author={Smith, Randall C and Cheeseman, Peter},
    journal={The international journal of Robotics Research},
    volume={5},
    number={4},
    pages={56--68},
    year={1986},
    publisher={Sage Publications Sage CA: Thousand Oaks, CA}
}

@article{riisgaard2003slam,
    title={SLAM for Dummies},
    author={Riisgaard, S{\o}ren and Blas, Morten Rufus},
    journal={A Tutorial Approach to Simultaneous Localization and Mapping},
    volume={22},
    number={1-127},
    pages={126},
    year={2003}
}

@article{grisetti2010tutorial,
    title={A tutorial on graph-based SLAM},
    author={Grisetti, Giorgio and Kummerle, Rainer and Stachniss, Cyrill and Burgard, Wolfram},
    journal={IEEE Intelligent Transportation Systems Magazine},
    volume={2},
    number={4},
    pages={31--43},
    year={2010},
    publisher={IEEE}
}

@article{thrun2006graph,
    title={The graph SLAM algorithm with applications to large-scale mapping of urban structures},
    author={Thrun, Sebastian and Montemerlo, Michael},
    journal={The International Journal of Robotics Research},
    volume={25},
    number={5-6},
    pages={403--429},
    year={2006},
    publisher={SAGE Publications}
}

@article{thrun2004fastslam,
    title={FastSLAM: An efficient solution to the simultaneous localization and mapping problem with unknown data association},
    author={Thrun, Sebastian and Montemerlo, Michael and Koller, Daphne and Wegbreit, Ben and Nieto, Juan and Nebot, Eduardo},
    journal={Journal of Machine Learning Research},
    volume={4},
    number={3},
    pages={380--407},
    year={2004}
}
